<record><leader>00000cas a22000007a 4500</leader><controlfield tag="001">19576843</controlfield><controlfield tag="008">890420d19221924njuwr ne      0    0eng d</controlfield><datafield ind1=" " ind2=" " tag="010"><subfield code="a">sn 88071155 </subfield></datafield><datafield ind1=" " ind2=" " tag="040"><subfield code="a">NJW</subfield><subfield code="b">eng</subfield><subfield code="c">NJW</subfield><subfield code="d">OCLCQ</subfield></datafield><datafield ind1=" " ind2=" " tag="042"><subfield code="a">msc</subfield></datafield><datafield ind1="0" ind2="0" tag="245"><subfield code="a">Irvington herald and the Clinton weekly.</subfield></datafield><datafield ind1=" " ind2=" " tag="260"><subfield code="a">Irvington, N.J. :</subfield><subfield code="b">Clinton, Pub. Co.,</subfield><subfield code="c">1922-1924.</subfield></datafield><datafield ind1=" " ind2=" " tag="310"><subfield code="a">Weekly</subfield></datafield><datafield ind1="0" ind2=" " tag="362"><subfield code="a">Vol. 11, no. 29 (Nov. 3, 1922)-v. 13, no. 33 (Nov. 28, 1924).</subfield></datafield><datafield ind1=" " ind2=" " tag="752"><subfield code="a">United States</subfield><subfield code="b">New Jersey</subfield><subfield code="c">Essex</subfield><subfield code="d">Irvington.</subfield></datafield><datafield ind1="0" ind2="0" tag="780"><subfield code="t">Clinton weekly</subfield><subfield code="w">(DLC)sn 88071154</subfield><subfield code="w">(OCoLC)19577621</subfield></datafield><datafield ind1="0" ind2="0" tag="785"><subfield code="t">Irvington herald</subfield><subfield code="w">(DLC)sn 88069115</subfield><subfield code="w">(OCoLC)19575911</subfield></datafield></record>